@report{binary_Z,
    author = {Sabu John, Nigel Stewart and Geoff Leach},
    title = {An Improved Z-Buffer CSG Rendering Algorithm},
    institution = {RMIT University, Melbourne, Australia},
    howpublished = "\url{http://www.nigels.com/research/egsggh98.pdf}",
}

@article{binary_CTIN,
    author = {Н. А. Тюкачев},
    title = {Бинарные операции над трехмерными телами},
    journal = {Вестник ВГУ, серия: Системный анализ и информационные технологии},
    year = {2010},
    howpublished = "\url{http://www.vestnik.vsu.ru/pdf/analiz/2010/01/2010-01-16.pdf}",
}

@misc{raytr,
    title="Трассировка лучей в реальном времени",
    howpublished="Режим доступа: \url{https://www.ixbt.com/3dv/directx-raytracing.html} (дата обращения: 13.08.2022)"
}

@misc{tracer_proof,
    title="Cost Analysis of a Ray Tracing Algorithm",
    howpublished="Режим доступа: \url{https://www.graphics.cornell.edu/~bjw/mca.pdf} (дата обращения: 05.09.2022)"
}

@misc{zbuf,
    title="Алгоритм Z-буфера",
    howpublished="Режим доступа: \url{http://compgraph.tpu.ru/zbuffer.htm} (дата обращения: 21.08.2022)"
}

@misc{robert,
    title="Алгоритм Робертса",
    howpublished="Режим доступа: \url{http://compgraph.tpu.ru/roberts.htm} (дата обращения: 14.05.2022)"
}

@misc{lmodels,
    title="Модели затенения. Плоская модель. Затенение по Гуро и Фонгу",
    howpublished="Режим доступа: \url{https://compgraphics.info/3D/lighting/shading\_model.php} (дата обращения: 18.06.2022)"
}

@misc{revolution,
    howpublished = "\url{https://lccn.loc.gov/68015472}",
    title        = "Middlemiss; Marks; Smart. '15-4. Surfaces of Revolution'. Analytic Geometry (3rd ed.). p. 378.",
    year         = 1968
}

@misc{rogers,
    title="Алгоритмические основы машинной графики",
    author="Роджерс Д.",
    pages="512",
    journal="Мир",
    year="1989"
}
@misc{borrow-checker,
    howpublished = "\url{https://doc.rust-lang.org/book/ch04-02-references-and-borrowing.html}",
    title        = "Rust Borrow Checker [Электронный ресурс]",
}

@misc{tiny-skia,
    howpublished = "\url{https://github.com/RazrFalcon/tiny-skia}",
    title        = "A tiny Skia subset ported to Rust [Электронный ресурс]",
}

@misc{egui,
    howpublished = "\url{https://github.com/emilk/egui}",
    title        = "egui: an easy-to-use immediate mode GUI in Rust [Электронный ресурс]",
}

@misc{cargo,
    title="The Cargo Book",
    howpublished="Режим доступа: \url{https://doc.rust-lang.org/cargo/} (дата обращения: 21.07.2022)",
}

@misc{JB,
    howpublished = "\url{https://www.jetbrains.com/}",
    title        = "JetBrains [Электронный ресурс]"
}

@misc{clion,
    howpublished = "\url{https://www.jetbrains.com/ru-ru/clion/}",
    title        = "Кросс-платформенная среда разработки CLion [Электронный ресурс]",
    year         = 2022
}
@inbook{aaymodelmethod,
	author="Аксенов Алексей Юрьевич",
	title="Модели и методы обработки и представления
	сложных пространственных объектов.",
	publisher="--- СПИИРАН",
	language="russian",
	year=2015,
	pages="110"
}

@inbook{termin-cg,
	author="Перемитина Т.О.",
	title="Компьютерная графика : учебное пособие.",
	publisher="--- Томск: Эль Контент",
	language="russian",
	year=2012,
	pages="114"
}

@inbook{applicationcg,
	author="Горюнова А.М., Омельченко Т.В.,Омельченко  П.Н., Муслимов  Д.А.",
	title="Применение компьютерной графики для решения экономических и инженерных задач : учебное пособие.",
	publisher="--- Оренбург:  ОГУ",
	language="russian",
	year=2018,
	pages="153"
}

@inbook{roders,
	author="Роджерс Д.",
	title="Алгоритмические основы машинной графики: Пер. с англ.",
	publisher="--- СПб: БХВ-Петербург",
	language="russian",
	year=1989,
	pages="512"
}

@inbook{shikin,
	author="Шикин Е. В., Боресков А. В.",
	title="Компьютерная графика. Динамика, реалистические изображения.",
	publisher="--- Москва: ДИАЛОГ-МИФИ",
	language="russian",
	year=1996,
	pages="288"
}

@inbook{polskicg,
	author="Польский С. В.",
	title="Компьютерная графика : учебнно-методичное пособие",
	publisher="--- Москва:  ГОУ ВПО МГУЛ",
	language="russian",
	year=2008,
	pages="38"
}

@inbook{porev,
	author="Порев В. Н.",
	title="Компьютерная графика.",
	publisher="--- СПб.: БХВ-Петербург",
	language="russian",
	year=2002,
	pages="429"
}

@misc{i5,
     title = "Процессор Intel\textsuperscript{\tiny\textregistered} Core\textsuperscript{\tiny\texttrademark} i5-11320H [Электронный ресурс]",
     howpublished="Режим доступа: \url{https://ark.intel.com/content/www/ru/ru/ark/products/217183/intel-core-i511320h-processor-8m-cache-up-to-4-50-ghz-with-ipu.html}",
     note="Дата обращения: 19.10.2022"
}

@misc{arch,
    title = "Arch Linux [Электронный ресурс]",
    howpublished="Режим доступа: \url{https://archlinux.org/}",
    note="Дата обращения: 19.10.2022"
}

@misc{Rust,
    title = "Rust [Электронный ресурс]",
    howpublished="Режим доступа: \url{https://www.rust-lang.org/}",
    note="Дата обращения: 19.10.2022"
}

@misc{rust-anal,
    title="Rust Analuzer ",
    howpublished="Режим доступа: \url{https://rust-analyzer.github.io/} (дата обращения: 21.12.2022)",
}

@misc{lsp,
    title="Language Server Protocol (LSP)",
    howpublished="Режим доступа: \url{https://microsoft.github.io/language-server-protocol/specifications/lsp/3.17/specification/} (дата обращения: 21.12.2022)",
}

@misc{rust-learn,
    title="Rustbook. What is Ownership?",
    howpublished="Режим доступа: \url{https://doc.rust-lang.org/book/ch04-01-what-is-ownership.html} (дата обращения: 20.11.2022)",
}

@misc{vim,
    title="VIM the editor",
    howpublished="Режим доступа: \url{https://www.vim.org/} (дата обращения: 24.11.2022)"
}

@misc{vim-plugins,
    title="VimAwesome",
    howpublished="Режим доступа: \url{https://vimawesome.com/} (дата обращения: 24.11.2022)"
}


