@report{binary_Z,
    author = {Sabu John, Nigel Stewart & Geoff Leach},
    title = {An Improved Z-Buffer CSG Rendering Algorithm},
    institution = {RMIT University, Melbourne, Australia},
    howpublished = "\url{http://www.nigels.com/research/egsggh98.pdf}",
}

@article{binary_CTIN,
    author = {Н. А. Тюкачев},
    title = {Бинарные операции над трехмерными телами},
    journal = {Вестник ВГУ, серия: Системный анализ и информационные технологии},
    year = {2010},
    howpublished = "\url{http://www.vestnik.vsu.ru/pdf/analiz/2010/01/2010-01-16.pdf}",
}

@misc{raytr,
    title="Трассировка лучей в реальном времени",
    howpublished="Режим доступа: \url{https://www.ixbt.com/3dv/directx-raytracing.html} (дата обращения: 13.08.2020)"
}

@misc{tracer_proof,
    title="Cost Analysis of a Ray Tracing Algorithm",
    howpublished="Режим доступа: \url{https://www.graphics.cornell.edu/~bjw/mca.pdf} (дата обращения: 05.09.2020)"
}

@misc{zbuf,
    title="Алгоритм Z-буфера",
    howpublished="Режим доступа: \url{http://compgraph.tpu.ru/zbuffer.htm} (дата обращения: 21.08.2020)"
}

@misc{robert,
    title="Алгоритм Робертса",
    howpublished="Режим доступа: \url{http://compgraph.tpu.ru/roberts.htm} (дата обращения: 14.05.2020)"
}

@misc{lmodels,
    title="Модели затенения. Плоская модель. Затенение по Гуро и Фонгу",
    howpublished="Режим доступа: \url{https://compgraphics.info/3D/lighting/shading_model.php} (дата обращения: 18.06.2020)"
}

@misc{revolution,
    howpublished = "\url{https://lccn.loc.gov/68015472}",
    title        = "Middlemiss; Marks; Smart. '15-4. Surfaces of Revolution'. Analytic Geometry (3rd ed.). p. 378.",
    year         = 1968
}

@misc{rogers,
    title="Алгоритмические основы машинной графики",
    author="Роджерс Д.",
    pages="512",
    journal="Мир",
    year="1989"
}

@misc{rust,
    title="Rust Programming Language [Электронный ресурс].",
    howpublished="Режим доступа: \url{https://doc.rust-lang.org/std/index.html} (дата обращения: 20.07.2020)",
    year=2021
}

@misc{borrow-checker,
    howpublished = "\url{https://doc.rust-lang.org/book/ch04-02-references-and-borrowing.html}",
    title        = "Rust Borrow Checker [Электронный ресурс]",
    year         = 2021
}

@misc{tiny-skia,
    howpublished = "\url{https://github.com/RazrFalcon/tiny-skia}",
    title        = "A tiny Skia subset ported to Rust",
    year         = 2021
}

@misc{slint,
    howpublished = "\url{https://slint-ui.com/releases/0.2.5/docs/rust/slint/}",
    title        = "Slint - The UI Toolkit",
    year         = 2021
}

@misc{cargo,
    title="The Cargo Book",
    howpublished="Режим доступа: \url{https://doc.rust-lang.org/cargo/} (дата обращения: 21.07.2020)",
    year         = 2021
}

@misc{JB,
    howpublished = "\url{https://www.jetbrains.com/}",
    title        = "JetBrains"
}

@misc{clion,
    howpublished = "\url{https://www.jetbrains.com/ru-ru/clion/}",
    title        = "Кросс-платформенная среда разработки CLion",
    year         = 2022
}
